@article{article1,
	author = {Antczak, Tomasz and Weron, Rafa≈Ç and Zabawa, Jacek},
	year = {2020},
	month = {12},
	pages = {1-1},
	title = {Data-Driven Simulation Modeling of the Checkout Process in Supermarkets: Insights for Decision Support in Retail Operations},
	volume = {PP},
	journal = {IEEE Access},
	doi = {10.1109/ACCESS.2020.3045919}
}

@book{norvig,
	author = {Russell, Stuart and Norvig, Peter},
	title = {Artificial Intelligence: A Modern Approach},
	year = {2009},
	isbn = {0136042597},
	publisher = {Prentice Hall Press},
	address = {USA},
	edition = {3rd},
	abstract = { The long-anticipated revision of this #1 selling book offers the most comprehensive,
	state of the art introduction to the theory and practice of artificial intelligence
	for modern applications. Intelligent Agents. Solving Problems by Searching. Informed
	Search Methods. Game Playing. Agents that Reason Logically. First-order Logic. Building
	a Knowledge Base. Inference in First-Order Logic. Logical Reasoning Systems. Practical
	Planning. Planning and Acting. Uncertainty. Probabilistic Reasoning Systems. Making
	Simple Decisions. Making Complex Decisions. Learning from Observations. Learning with
	Neural Networks. Reinforcement Learning. Knowledge in Learning. Agents that Communicate.
	Practical Communication in English. Perception. Robotics. For computer professionals,
	linguists, and cognitive scientists interested in artificial intelligence. }
}

@incollection{yanagisawa2011methods,
  title={Methods for improving efficiency of queuing systems},
  author={Yanagisawa, D and Suma, Y and Tanaka, Y and Tomoeda, A and Ohtsuka, K and Nishinari, K},
  booktitle={Pedestrian and Evacuation Dynamics},
  pages={297--306},
  year={2011},
  publisher={Springer}
}